@book{tigerbook,
    title = {Modern Compiler Implementation in ML},
    author = {Andrew W. Appel},
    isbn = {0-521-60764-7},
    year = {1998},
    publisher = {Cambridge University Press},
    keywords = {tigerbook}
}
@online{mllexyacc,
    author = "Andrew W. Appel, James S. Mattsoni and David R. Tarditi",
    title = "User's Guide to ML-Lex and ML-Yacc",
    url  = "http://www.cs.tufts.edu/comp/181/ug.pdf",
    keywords = "ml lex yacc"
}
@online{risc,
    author = "Benjamin Landers",
    title = "RARS Wiki",
    url  = "https://github.com/TheThirdOne/rars/wiki",
    keywords = "risc rars"
}